@Book{Atkins:2012,
title = {Princípios de Química: questionando a vida moderna e o meio ambiente},
author = {Atkins, Peter William and Jones, Loretta},
publisher = {Bookman},
year = {2012},
volume = {1},
edition = {5}
}

@Article{Bloch:1946,
author = {F. Bloch},
title = {Nuclear Induction Experiment},
journal = {Physical Review},
year = {1946},
}

@Book{Graaf:2001,
author = {K. V. de Graaf},
title = {Human Anatomy},
publisher = {McGraw-Hill},
year = {2001},
edition = {Sexta edição}
}

@Book{Gonzalez:2007,
title =     {Digital Image Processing},
author =    {R. C. Gonzalez and R. E. Woods},
publisher = {Pearson},
isbn =      {},
year =      {2007},
series =    {},
edition =   {3ª },
volume =    {},
url =       {http://gen.lib.rus.ec/book/index.php?md5=20f9b43c7022aa79e7b75e534220e386}
}

@Book{Haacke:1999,
title =     {Magnetic resonance imaging: Physical principles and sequence design},
author =    {E. Mark Haacke and Robert W. Brown and Michael R. Thompson and Ramesh Venkatesan},
publisher = {Wiley-Liss},
isbn =      {0471351288,9780471351283},
year =      {1999},
series =    {},
edition =   {1st},
volume =    {},
url =       {http://gen.lib.rus.ec/book/index.php?md5=EE11EF1A4948C242CBDBFC3EE0B8DBA4}
}

@Book{Landini:2005,
author = {L. Landini and V. Positano and M. F. Santarelli},
title = {Advanced Image Processing in Magnetic Resonance Imaging},
publisher = {CRC Press},
year = {2005},
}

@Article{Lauterbur:1973,
author = {P. C. Lauterbur},
title = {Image Formation by induced local interactions - Examples Employing Nuclear Magnetic Resonance},
journal = {Nature},
year = {1973},
}

@MastersThesis{Polli:2010,
author = {Robérson Saraiva Polli},
title = {Imagens de ressonância magnética no estudo de epilepsia induzida por pilocarpina e ácido caínico: Relaxometria e Volumetria},
school = {Universidade Federal de São Paulo},
year = {2010},
}

@book{Prince:2014,
title =     {Medical Imaging: Signals and Systems},
author =    {Jerry L. Prince and Jonathan M. Links},
publisher = {Pearson},
isbn =      {978-0132145183},
year =      {2014},
series =    {Signal Processing, Computer assisted},
edition =   {2},
volume =    {},
url =       {http://gen.lib.rus.ec/book/index.php?md5=7dc7e31050372ccc8205593490744673}
}

@Article{Purcell:1946,
author = {E. M. Purcell},
title = {Resonance absorption by nuclear magnetics moments in a solid},
journal = {Physical Review},
year = {1946},
}

@Book{Theodoridis:2009,
author = {Theodoridis, S. e Koutroumbas, K.},
title = {Pattern recognition},
publisher = {Elsevier},
year = {2009},
note = {4ª Edição},
}
